
@inproceedings{almeida2005genetic,
  title={A genetic algorithm to solve minimum spanning tree problem with fuzzy parameters using possibility measure},
  author={Almeida, Tiago A and Souza, VN and Prado, FMS and Yamakami, Akebo and Takahashi, M{\'a}rcia T},
  booktitle={NAFIPS 2005-2005 Annual Meeting of the North American Fuzzy Information Processing Society},
  pages={627--632},
  year={2005},
  organization={IEEE}
}


@article{jiang1999tabu,
  title={A tabu search approach to optimal structuring element extraction for MST-based shapes description},
  author={Jiang, Tianzi},
  journal={International journal of computer mathematics},
  volume={71},
  number={4},
  pages={437--445},
  year={1999},
  publisher={Taylor \& Francis}
}

@inproceedings{pierre1997improving,
  title={Improving communication network topologies using tabu search},
  author={Pierre, Samuel and Elgibaoui, A},
  booktitle={Proceedings of 22nd Annual Conference on Local Computer Networks},
  pages={44--53},
  year={1997},
  organization={IEEE}
}

@article{dey2016prim,
  title={Prim’s algorithm for solving minimum spanning tree problem in fuzzy environment},
  author={Dey, Arindam and Pal, Anita},
  journal={Annals of Fuzzy Mathematics and Informatics},
  volume={12},
  number={3},
  pages={419--430},
  year={2016}
}

@article{rafid2019performance,
  title={Performance evaluation for Kruskal’s and Prim’s Algorithm in Minimum Spanning Tree using Networkx Package and Matplotlib to visualizing the MST Result},
  author={Rafid, Ilham Mulya},
  journal={no. May},
  year={2019}
}

@article{PopuationDensityRankings,
  title={List of English districts by population density (Online)},
  journal={\url{https://en.wikipedia.org/wiki/List_of_English_districts_by_population_density}},
  author={Bornsommer},
  year={2021}
}



@article{OS,
  title={Interactive Ordnance Survey Map (Online)},
  organisation={Ordnance Survey},
  journal={\url{https://osmaps.ordnancesurvey.co.uk}},
  year={2022}
}
